<record><leader>02379cam a2200385 i 4500</leader><controlfield tag="001">6786651</controlfield><controlfield tag="003">OCoLC</controlfield><controlfield tag="005">20150106105450.0</controlfield><controlfield tag="008">130911t20152015enk      b    001 0 eng d</controlfield><datafield ind1=" " ind2=" " tag="020"><subfield code="a">1844658066 (pbk)</subfield></datafield><datafield ind1=" " ind2=" " tag="020"><subfield code="a">9781844658060 (pbk)</subfield></datafield><datafield ind1=" " ind2=" " tag="020"><subfield code="a">9781844658053 (hbk)</subfield></datafield><datafield ind1=" " ind2=" " tag="020"><subfield code="a">1844658058 (hbk)</subfield></datafield><datafield ind1=" " ind2=" " tag="035"><subfield code="a">ocn857879220</subfield></datafield><datafield ind1=" " ind2=" " tag="040"><subfield code="a">YDXCP</subfield><subfield code="b">eng</subfield><subfield code="e">rda</subfield><subfield code="c">YDXCP</subfield><subfield code="d">BTCTA</subfield><subfield code="d">VTU</subfield><subfield code="d">OCLCQ</subfield><subfield code="d">UAB</subfield></datafield><datafield ind1=" " ind2="4" tag="050"><subfield code="a">BD450</subfield><subfield code="b">.R63 2015</subfield></datafield><datafield ind1="0" ind2="4" tag="082"><subfield code="a">144</subfield><subfield code="2">23</subfield></datafield><datafield ind1=" " ind2=" " tag="090"><subfield code="a">BD 450 R634 2015</subfield><subfield code="b">AEU</subfield></datafield><datafield ind1="1" ind2=" " tag="100"><subfield code="a">Roden, David,</subfield><subfield code="e">author.</subfield></datafield><datafield ind1="1" ind2="0" tag="245"><subfield code="a">Posthuman life :</subfield><subfield code="b">philosophy at the edge of the human /</subfield><subfield code="c">David Roden.</subfield></datafield><datafield ind1=" " ind2="1" tag="264"><subfield code="a">London :</subfield><subfield code="b">Routledge, Taylor &amp; Francis Group,</subfield><subfield code="c">2015.</subfield></datafield><datafield ind1=" " ind2="4" tag="264"><subfield code="c">&#169;2015</subfield></datafield><datafield ind1=" " ind2=" " tag="300"><subfield code="a">211 pages ;</subfield><subfield code="c">24 cm</subfield></datafield><datafield ind1=" " ind2=" " tag="336"><subfield code="a">text</subfield><subfield code="b">txt</subfield><subfield code="2">rdacontent</subfield></datafield><datafield ind1=" " ind2=" " tag="337"><subfield code="a">unmediated</subfield><subfield code="b">n</subfield><subfield code="2">rdamedia</subfield></datafield><datafield ind1=" " ind2=" " tag="338"><subfield code="a">volume</subfield><subfield code="b">nc</subfield><subfield code="2">rdacarrier</subfield></datafield><datafield ind1=" " ind2=" " tag="504"><subfield code="a">Includes bibliographical references (pages 194-208) and index.</subfield></datafield><datafield ind1=" " ind2=" " tag="520"><subfield code="a">We imagine posthumans as humans made superhumanly intelligent or resilient by future advances in nanotechnology, biotechnology, information technology and cognitive science. Many argue that these enhanced people might live better lives; others fear that tinkering with our nature will undermine our sense of our own humanity. Whoever is right, it is assumed that our technological successor will be an upgraded or degraded version of us: Human 2.0. Posthuman Life argues that the enhancement debate projects a human face onto an empty screen. We do not know what will happen and, not being posthuman, cannot anticipate how posthumans will assess the world. If a posthuman future will not necessarily be informed by our kind of subjectivity or morality the limits of our current knowledge must inform any ethical or political assessment of that future. Posthuman Life develops a critical metaphysics of posthuman succession and argues that only a truly speculative posthumanism can support an ethics that meets the challenge of the transformative potential of technology.</subfield></datafield><datafield ind1=" " ind2=" " tag="596"><subfield code="a">16</subfield></datafield><datafield ind1=" " ind2="0" tag="650"><subfield code="a">Philosophical anthropology.</subfield></datafield><datafield ind1=" " ind2="0" tag="650"><subfield code="a">Technology</subfield><subfield code="x">Philosophy.</subfield></datafield><datafield ind1=" " ind2="0" tag="650"><subfield code="a">Artificial intelligence</subfield><subfield code="x">Philosophy.</subfield></datafield><datafield ind1=" " ind2="0" tag="650"><subfield code="a">Human beings.</subfield></datafield><datafield ind1=" " ind2=" " tag="949"><subfield code="a">BD 450 R634 2015</subfield><subfield code="c">1</subfield><subfield code="h">UAAU-B</subfield><subfield code="i">0162035220670</subfield></datafield><datafield ind1=" " ind2=" " tag="926"><subfield code="a">BD 450 R634 2015</subfield><subfield code="w">LC</subfield><subfield code="c">1</subfield><subfield code="i">0162035220670</subfield><subfield code="d">6/18/2015</subfield><subfield code="e">5/19/2015</subfield><subfield code="l">ON_SHELF</subfield><subfield code="m">UAAUG</subfield><subfield code="n">3</subfield><subfield code="p">$150.00</subfield><subfield code="r">Y</subfield><subfield code="s">Y</subfield><subfield code="t">BOOK</subfield><subfield code="u">1/21/2015</subfield></datafield></record>